<?xml version="1.0" encoding="UTF-8"?>
<!-- Search-Engine-Total-Number-Of-Results: 10 -->
<collection xmlns="http://www.loc.gov/MARC21/slim">
<record>
  <controlfield tag="000">00913cab\a2200229\a\4500</controlfield>
  <controlfield tag="001">69364</controlfield>
  <controlfield tag="005">20190627164417.0</controlfield>
  <controlfield tag="008">190627e2019\\\\xx\|r\\\\g\\\\0\\\a|eng\\</controlfield>
  <datafield tag="035" ind1=" " ind2=" ">
    <subfield code="a">69364</subfield>
  </datafield>
  <datafield tag="041" ind1="0" ind2=" ">
    <subfield code="a">eng</subfield>
  </datafield>
  <datafield tag="100" ind1="1" ind2=" ">
    <subfield code="a">Albrecht, Christian</subfield>
  </datafield>
  <datafield tag="245" ind1="1" ind2="0">
    <subfield code="a">Blockchain bills of lading :</subfield>
    <subfield code="b">the end of history? Overcoming paper-based transport documents in sea carriage through new technologies</subfield>
  </datafield>
  <datafield tag="510" ind1="4" ind2=" ">
    <subfield code="a">Bibliography of recent writings related to the work of UNCITRAL, 53rd Session, 2020, New York.</subfield>
  </datafield>
  <datafield tag="510" ind1="4" ind2=" ">
    <subfield code="a">Included in UNCITRAL bibliography on electronic commerce.</subfield>
  </datafield>
  <datafield tag="510" ind1="4" ind2=" ">
    <subfield code="a">Included in UNCITRAL bibliography on international transport</subfield>
  </datafield>
  <datafield tag="630" ind1="0" ind2="7">
    <subfield code="a">UNCITRAL Model Law on Electronic Transferable Records (2017)</subfield>
  </datafield>
  <datafield tag="630" ind1="0" ind2="7">
    <subfield code="a">UN Convention on Contracts for the International Carriage of Goods Wholly or Partly by Sea (2008)</subfield>
  </datafield>
  <datafield tag="650" ind1="1" ind2="7">
    <subfield code="a">ELECTRONIC COMMERCE</subfield>
  </datafield>
  <datafield tag="650" ind1="1" ind2="7">
    <subfield code="a">MULTIMODAL TRANSPORT</subfield>
  </datafield>
  <datafield tag="650" ind1="1" ind2="7">
    <subfield code="a">BILLS OF LADING</subfield>
  </datafield>
  <datafield tag="773" ind1="0" ind2=" ">
    <subfield code="3">Article from a journal</subfield>
    <subfield code="d">(New Orleans, La.) 43:252-288, 2019.</subfield>
    <subfield code="t">Tulane maritime law journal</subfield>
  </datafield>
  <datafield tag="852" ind1="7" ind2=" ">
    <subfield code="b">UNCITRAL</subfield>
    <subfield code="h">UNCITRAL bibliography 53rd Sess. 2020</subfield>
  </datafield>
  <datafield tag="980" ind1=" " ind2=" ">
    <subfield code="a">UNCITRAL</subfield>
  </datafield>
  <datafield tag="987" ind1=" " ind2=" ">
    <subfield code="a">article</subfield>
  </datafield>
</record>