
<record>
  <controlfield tag="000">00697cab\a2200217\a\4500</controlfield>
  <controlfield tag="001">69363</controlfield>
  <controlfield tag="005">20190627111539.0</controlfield>
  <controlfield tag="008">190627e2018\\\\xx\|r\\\\g\\\\0\\\a|eng\\</controlfield>
  <datafield tag="035" ind1=" " ind2=" ">
    <subfield code="a">69363</subfield>
  </datafield>
  <datafield tag="041" ind1="0" ind2=" ">
    <subfield code="a">eng</subfield>
  </datafield>
  <datafield tag="100" ind1="1" ind2=" ">
    <subfield code="a">El-Hosseny, Farouk</subfield>
  </datafield>
  <datafield tag="245" ind1="1" ind2="0">
    <subfield code="a">Investor-State dispute settlement in the Arab world :</subfield>
    <subfield code="b">is there a clear path for</subfield>
  </datafield>
  <datafield tag="510" ind1="4" ind2=" ">
    <subfield code="a">Bibliography of recent writings related to the work of UNCITRAL, 53rd Session, 2020, New York.</subfield>
  </datafield>
  <datafield tag="510" ind1="4" ind2=" ">
    <subfield code="a">Included in UNCITRAL bibliography on investor-State dispute settlement</subfield>
  </datafield>
  <datafield tag="610" ind1="2" ind2="7">
    <subfield code="a">UN Commission on International Trade Law</subfield>
  </datafield>
  <datafield tag="650" ind1="1" ind2="7">
    <subfield code="a">INVESTMENT DISPUTES</subfield>
  </datafield>
  <datafield tag="650" ind1="1" ind2="7">
    <subfield code="a">DISPUTE SETTLEMENT</subfield>
  </datafield>
  <datafield tag="650" ind1="1" ind2="7">
    <subfield code="a">ARAB COUNTRIES</subfield>
  </datafield>
  <datafield tag="700" ind1="1" ind2=" ">
    <subfield code="a">Ghandour, Ruba</subfield>
  </datafield>
  <datafield tag="773" ind1="0" ind2=" ">
    <subfield code="3">Article from a journal</subfield>
    <subfield code="d">(Beirut) 10:2:7-29, 2018</subfield>
    <subfield code="t">International journal of Arab arbitration</subfield>
  </datafield>
  <datafield tag="852" ind1="7" ind2=" ">
    <subfield code="b">UNCITRAL</subfield>
    <subfield code="h">UNCITRAL bibliography 53rd Sess. 2020</subfield>
  </datafield>
  <datafield tag="980" ind1=" " ind2=" ">
    <subfield code="a">UNCITRAL</subfield>
  </datafield>
  <datafield tag="987" ind1=" " ind2=" ">
    <subfield code="a">article</subfield>
  </datafield>
</record>