
<record>
  <controlfield tag="000">00689cab\a2200229\a\4500</controlfield>
  <controlfield tag="001">69362</controlfield>
  <controlfield tag="005">20190627104702.0</controlfield>
  <controlfield tag="008">190627e2015\\\\xx\|r\\\\g\\\\0\\\a|eng\\</controlfield>
  <datafield tag="035" ind1=" " ind2=" ">
    <subfield code="a">69362</subfield>
  </datafield>
  <datafield tag="041" ind1="0" ind2=" ">
    <subfield code="a">eng</subfield>
  </datafield>
  <datafield tag="100" ind1="1" ind2=" ">
    <subfield code="a">Girasa, Roy J.</subfield>
  </datafield>
  <datafield tag="245" ind1="1" ind2="0">
    <subfield code="a">Yukos Oil Company and cross-border insolvencies</subfield>
  </datafield>
  <datafield tag="510" ind1="4" ind2=" ">
    <subfield code="a">Bibliography of recent writings related to the work of UNCITRAL, 53rd Session, 2020, New York.</subfield>
  </datafield>
  <datafield tag="510" ind1="4" ind2=" ">
    <subfield code="a">Included in UNCITRAL bibliography on insolvency.</subfield>
  </datafield>
  <datafield tag="630" ind1="0" ind2="7">
    <subfield code="a">UNCITRAL Model Law on Cross-Border Insolvency (1997)</subfield>
  </datafield>
  <datafield tag="650" ind1="1" ind2="7">
    <subfield code="a">CROSS-BORDER INSOLVENCY</subfield>
  </datafield>
  <datafield tag="650" ind1="1" ind2="7">
    <subfield code="a">RUSSIAN FEDERATION</subfield>
  </datafield>
  <datafield tag="650" ind1="1" ind2="7">
    <subfield code="a">UNITED STATES</subfield>
  </datafield>
  <datafield tag="700" ind1="1" ind2=" ">
    <subfield code="a">Kraus, Richard J.</subfield>
  </datafield>
  <datafield tag="700" ind1="1" ind2=" ">
    <subfield code="a">Edelstein, Peter M.</subfield>
  </datafield>
  <datafield tag="773" ind1="0" ind2=" ">
    <subfield code="3">Article from a journal</subfield>
    <subfield code="d">(Fairfield, Conn.) 33:20-46, 2015.</subfield>
    <subfield code="t">North East journal of legal studies</subfield>
  </datafield>
  <datafield tag="852" ind1="7" ind2=" ">
    <subfield code="b">UNCITRAL</subfield>
    <subfield code="h">UNCITRAL bibliography 53rd Sess. 2020</subfield>
  </datafield>
  <datafield tag="980" ind1=" " ind2=" ">
    <subfield code="a">UNCITRAL</subfield>
  </datafield>
  <datafield tag="987" ind1=" " ind2=" ">
    <subfield code="a">article</subfield>
  </datafield>
</record>