
<record>
  <controlfield tag="000">00767cab\a2200181\a\4500</controlfield>
  <controlfield tag="001">69361</controlfield>
  <controlfield tag="005">20190626112528.0</controlfield>
  <controlfield tag="008">190626e2018\\\\xx\|r\\\\g\\\\0\\\a|ara\\</controlfield>
  <datafield tag="035" ind1=" " ind2=" ">
    <subfield code="a">69361</subfield>
  </datafield>
  <datafield tag="041" ind1="0" ind2=" ">
    <subfield code="a">ara</subfield>
  </datafield>
  <datafield tag="100" ind1="1" ind2=" ">
    <subfield code="a">Hadi, Ameer Talib</subfield>
  </datafield>
  <datafield tag="245" ind1="1" ind2="0">
    <subfield code="a">فاعلية مبدأ حسن النية في اتفاقية فينا عام 1980</subfield>
    <subfield code="b">(دراسة تحليلية)</subfield>
  </datafield>
  <datafield tag="510" ind1="4" ind2=" ">
    <subfield code="a">Bibliography of recent writings related to the work of UNCITRAL, 53rd Session, 2020, New York.</subfield>
  </datafield>
  <datafield tag="510" ind1="4" ind2=" ">
    <subfield code="a">Included in UNCITRAL bibliography on international sale of goods.</subfield>
  </datafield>
  <datafield tag="630" ind1="0" ind2="7">
    <subfield code="a">UN Convention on Contracts for the International Sale of Goods (1980)</subfield>
  </datafield>
  <datafield tag="650" ind1="1" ind2="7">
    <subfield code="a">INTERNATIONAL SALE OF GOODS</subfield>
  </datafield>
  <datafield tag="650" ind1="1" ind2="7">
    <subfield code="a">GOOD FAITH</subfield>
  </datafield>
  <datafield tag="767" ind1="0" ind2=" ">
    <subfield code="g">eng</subfield>
    <subfield code="n">Translation of title</subfield>
    <subfield code="t">Effectiveness of the principle of good faith in the CISG (1980).</subfield>
  </datafield>
  <datafield tag="773" ind1="0" ind2=" ">
    <subfield code="3">Article from a journal</subfield>
    <subfield code="d">(Baghdad) 26:7:580-597, 2018</subfield>
    <subfield code="t">Journal of University of Babylon for Humanities</subfield>
  </datafield>
  <datafield tag="852" ind1="7" ind2=" ">
    <subfield code="b">UNCITRAL</subfield>
    <subfield code="h">UNCITRAL bibliography 53rd Sess. 2020</subfield>
  </datafield>
  <datafield tag="980" ind1=" " ind2=" ">
    <subfield code="a">UNCITRAL</subfield>
  </datafield>
  <datafield tag="987" ind1=" " ind2=" ">
    <subfield code="a">article</subfield>
  </datafield>
</record>