
<record>
  <controlfield tag="000">00423cam\a2200217\i\4500</controlfield>
  <controlfield tag="001">69360</controlfield>
  <controlfield tag="005">20190626112312.0</controlfield>
  <controlfield tag="006">m\\\\\\\\j\i\\\\\\</controlfield>
  <controlfield tag="007">cr||||||||||||</controlfield>
  <controlfield tag="008">190626s2010\\\\xx\abd\gs\\\\i000\0\eng\\</controlfield>
  <datafield tag="110" ind1="2" ind2=" ">
    <subfield code="a">OECD</subfield>
  </datafield>
  <datafield tag="245" ind1="1" ind2=" ">
    <subfield code="a">Public sector integrity in Brazil managing risks for a cleaner public administration :</subfield>
    <subfield code="b">preliminary main findings and proposals for action /</subfield>
    <subfield code="c">OECD.</subfield>
  </datafield>
  <datafield tag="260" ind1=" " ind2=" ">
    <subfield code="a">Paris :</subfield>
    <subfield code="b">OECD,</subfield>
    <subfield code="c">2010.</subfield>
  </datafield>
  <datafield tag="300" ind1=" " ind2=" ">
    <subfield code="a">84  p. ;</subfield>
    <subfield code="c">20 cm.</subfield>
  </datafield>
  <datafield tag="490" ind1=" " ind2=" ">
    <subfield code="a">OECD Public Governance Reviews</subfield>
  </datafield>
  <datafield tag="650" ind1="0" ind2=" ">
    <subfield code="a">Corruption</subfield>
  </datafield>
  <datafield tag="650" ind1="0" ind2=" ">
    <subfield code="a">Public procurement</subfield>
  </datafield>
  <datafield tag="852" ind1="8" ind2=" ">
    <subfield code="a">UNOV</subfield>
    <subfield code="b">General</subfield>
    <subfield code="h">328.185:35(81)</subfield>
    <subfield code="i">O333</subfield>
  </datafield>
  <datafield tag="980" ind1=" " ind2=" ">
    <subfield code="a">General</subfield>
  </datafield>
  <datafield tag="982" ind1=" " ind2=" ">
    <subfield code="a">UNOV</subfield>
  </datafield>
  <datafield tag="987" ind1=" " ind2=" ">
    <subfield code="a">am</subfield>
  </datafield>
</record>