
<record>
  <controlfield tag="000">00408cas\a2200253\a\4500</controlfield>
  <controlfield tag="001">69359</controlfield>
  <controlfield tag="005">20190626105425.0</controlfield>
  <controlfield tag="008">190626c2010\\\\nyuar\\\\s\\\\0\\\\0eng\d</controlfield>
  <datafield tag="245" ind1="0" ind2="4">
    <subfield code="a">Global Agenda Council Reports 2010 /</subfield>
    <subfield code="c">World Economic Forum</subfield>
  </datafield>
  <datafield tag="260" ind1=" " ind2=" ">
    <subfield code="a">Geneva :</subfield>
    <subfield code="b">World Economic Forum,</subfield>
  </datafield>
  <datafield tag="300" ind1=" " ind2=" ">
    <subfield code="a">361 p. :</subfield>
    <subfield code="b">ill. ;</subfield>
    <subfield code="c">30 cm.</subfield>
  </datafield>
  <datafield tag="310" ind1=" " ind2=" ">
    <subfield code="a">Annual</subfield>
  </datafield>
  <datafield tag="650" ind1=" " ind2="0">
    <subfield code="a">Competition, International</subfield>
    <subfield code="v">Periodicals.</subfield>
    <subfield code="v">Statistics</subfield>
  </datafield>
  <datafield tag="650" ind1=" " ind2="0">
    <subfield code="a">International trade</subfield>
    <subfield code="v">Periodicals.</subfield>
    <subfield code="v">Statistics</subfield>
  </datafield>
  <datafield tag="710" ind1="2" ind2=" ">
    <subfield code="a">World Economic Forum.</subfield>
  </datafield>
  <datafield tag="852" ind1="8" ind2=" ">
    <subfield code="a">UNOV</subfield>
    <subfield code="b">General</subfield>
    <subfield code="h">050.8</subfield>
    <subfield code="i">W675</subfield>
  </datafield>
  <datafield tag="980" ind1=" " ind2=" ">
    <subfield code="a">General</subfield>
  </datafield>
  <datafield tag="982" ind1=" " ind2=" ">
    <subfield code="a">UNOV</subfield>
  </datafield>
  <datafield tag="987" ind1=" " ind2=" ">
    <subfield code="a">am</subfield>
  </datafield>
</record>