
<record>
  <controlfield tag="000">00476cam\a22002175i\4500</controlfield>
  <controlfield tag="001">69358</controlfield>
  <controlfield tag="005">20190626104634.0</controlfield>
  <controlfield tag="008">190626s2003\\\\nyu\\\\\\\\\\\000\0\eng\\</controlfield>
  <datafield tag="020" ind1=" " ind2=" ">
    <subfield code="a">9517244010</subfield>
  </datafield>
  <datafield tag="245" ind1="0" ind2="0">
    <subfield code="a">Preventing corruption :</subfield>
    <subfield code="b">a handbook of anti-corruption techniques for use in international development cooperation ; guidelines.</subfield>
  </datafield>
  <datafield tag="260" ind1=" " ind2=" ">
    <subfield code="a">Helsinki, Finland :</subfield>
    <subfield code="b">Hakapaino Oy,</subfield>
    <subfield code="c">2003.</subfield>
  </datafield>
  <datafield tag="300" ind1=" " ind2=" ">
    <subfield code="a">xiv, 533 p. ;</subfield>
    <subfield code="c">24 cm.</subfield>
  </datafield>
  <datafield tag="650" ind1=" " ind2="7">
    <subfield code="2">unbist</subfield>
    <subfield code="a">BRIBERY.</subfield>
  </datafield>
  <datafield tag="650" ind1=" " ind2="7">
    <subfield code="2">unbist</subfield>
    <subfield code="a">CORPORATE CORRUPTION.</subfield>
  </datafield>
  <datafield tag="650" ind1=" " ind2="7">
    <subfield code="2">unbist</subfield>
    <subfield code="a">CORRUPTION</subfield>
  </datafield>
  <datafield tag="650" ind1=" " ind2="7">
    <subfield code="2">unbist</subfield>
    <subfield code="a">POLITICAL CORRUPTION.</subfield>
  </datafield>
  <datafield tag="852" ind1="8" ind2=" ">
    <subfield code="a">UNOV</subfield>
    <subfield code="b">General</subfield>
    <subfield code="h">343.352</subfield>
    <subfield code="i">P748</subfield>
  </datafield>
  <datafield tag="980" ind1=" " ind2=" ">
    <subfield code="a">General</subfield>
  </datafield>
  <datafield tag="982" ind1=" " ind2=" ">
    <subfield code="a">UNLV</subfield>
  </datafield>
  <datafield tag="987" ind1=" " ind2=" ">
    <subfield code="a">am</subfield>
  </datafield>
</record>