
<record>
  <controlfield tag="000">00539cam\a2200313\\\4500</controlfield>
  <controlfield tag="001">69357</controlfield>
  <controlfield tag="005">20190626103143.0</controlfield>
  <controlfield tag="008">190626s2005\\\\xx\\\\\\\\\\\\\\\\\\eng\\</controlfield>
  <datafield tag="041" ind1=" " ind2=" ">
    <subfield code="a">eng</subfield>
  </datafield>
  <datafield tag="100" ind1="1" ind2=" ">
    <subfield code="a">Nissen, Christine J.</subfield>
  </datafield>
  <datafield tag="245" ind1="1" ind2=" ">
    <subfield code="a">Living under the rule of corruption :</subfield>
    <subfield code="b">an analysis of everyday forms of corruption practices in Cambodia ; report on qualitative research component /</subfield>
    <subfield code="c">by Christine J. Nissen.</subfield>
  </datafield>
  <datafield tag="260" ind1=" " ind2=" ">
    <subfield code="a">Phnom Penh, Cambodia :</subfield>
    <subfield code="b">Center for Social Development,</subfield>
    <subfield code="c">2005.</subfield>
  </datafield>
  <datafield tag="300" ind1=" " ind2=" ">
    <subfield code="a">xi, 102 p. :</subfield>
    <subfield code="b">ill. ;</subfield>
    <subfield code="c">20 cm.</subfield>
  </datafield>
  <datafield tag="650" ind1=" " ind2="7">
    <subfield code="2">unbist</subfield>
    <subfield code="a">CORRUPTION</subfield>
  </datafield>
  <datafield tag="650" ind1=" " ind2="7">
    <subfield code="2">unbist</subfield>
    <subfield code="a">POLITICAL CORRUPTION</subfield>
  </datafield>
  <datafield tag="650" ind1=" " ind2="7">
    <subfield code="2">unbist</subfield>
    <subfield code="a">CAMBODIA</subfield>
  </datafield>
  <datafield tag="852" ind1=" " ind2=" ">
    <subfield code="a">UNOV</subfield>
    <subfield code="b">General</subfield>
    <subfield code="h">343.9.024:336.7(596)</subfield>
    <subfield code="i">N577</subfield>
  </datafield>
  <datafield tag="980" ind1=" " ind2=" ">
    <subfield code="a">General</subfield>
  </datafield>
  <datafield tag="987" ind1=" " ind2=" ">
    <subfield code="a">Monographs</subfield>
  </datafield>
</record>