
<record>
  <controlfield tag="000">00944cab\a2200193\a\4500</controlfield>
  <controlfield tag="001">69356</controlfield>
  <controlfield tag="005">20190626105715.0</controlfield>
  <controlfield tag="008">190626s2017\\\\xx\|r\\\\g\\\\0\\\a|rus\\</controlfield>
  <datafield tag="035" ind1=" " ind2=" ">
    <subfield code="a">69356</subfield>
  </datafield>
  <datafield tag="041" ind1="0" ind2=" ">
    <subfield code="a">rus</subfield>
  </datafield>
  <datafield tag="100" ind1="1" ind2=" ">
    <subfield code="a">Samoylov, Mikhail</subfield>
  </datafield>
  <datafield tag="245" ind1="1" ind2="0">
    <subfield code="a">Применение Нью-Йоркской конвенции к иностранным судебным решениям :</subfield>
    <subfield code="b">анализ ошибочной практики российских судов</subfield>
  </datafield>
  <datafield tag="510" ind1="4" ind2=" ">
    <subfield code="a">Bibliography of recent writings related to the work of UNCITRAL, 53rd Session, 2020, New York.</subfield>
  </datafield>
  <datafield tag="510" ind1="4" ind2=" ">
    <subfield code="a">Included in UNCITRAL bibliography on international commercial arbitration and conciliation</subfield>
  </datafield>
  <datafield tag="630" ind1="0" ind2="7">
    <subfield code="a">Convention on the Recognition and Enforcement of Foreign Arbitral Awards (1958)</subfield>
  </datafield>
  <datafield tag="650" ind1="1" ind2="7">
    <subfield code="a">INTERNATIONAL COMMERCIAL ARBITRATION</subfield>
  </datafield>
  <datafield tag="650" ind1="1" ind2="7">
    <subfield code="a">RUSSIAN FEDERATION</subfield>
  </datafield>
  <datafield tag="767" ind1="0" ind2=" ">
    <subfield code="g">eng</subfield>
    <subfield code="n">Translation of title</subfield>
    <subfield code="t">Application of the New York Convention to foreign judgments: analysis of the wrong approach of Russian courts</subfield>
  </datafield>
  <datafield tag="773" ind1="0" ind2=" ">
    <subfield code="3">Article from a journal</subfield>
    <subfield code="d">(Moscow) 2:110-128, 2017.</subfield>
    <subfield code="t">Herald of economic justice</subfield>
  </datafield>
  <datafield tag="852" ind1="7" ind2=" ">
    <subfield code="b">UNCITRAL</subfield>
    <subfield code="h">UNCITRAL bibliography 53rd Sess. 2020</subfield>
  </datafield>
  <datafield tag="856" ind1="4" ind2="1">
    <subfield code="3">Full text</subfield>
    <subfield code="u">https://ssrn.com/abstract=3395200</subfield>
  </datafield>
  <datafield tag="980" ind1=" " ind2=" ">
    <subfield code="a">UNCITRAL</subfield>
  </datafield>
  <datafield tag="987" ind1=" " ind2=" ">
    <subfield code="a">article</subfield>
  </datafield>
</record>