
<record>
  <controlfield tag="000">00664cab\a2200229\a\4500</controlfield>
  <controlfield tag="001">69355</controlfield>
  <controlfield tag="005">20190626095650.0</controlfield>
  <controlfield tag="008">190626e2019\\\\xx\|r\\\\g\\\\0\\\a|eng\\</controlfield>
  <datafield tag="035" ind1=" " ind2=" ">
    <subfield code="a">69355</subfield>
  </datafield>
  <datafield tag="041" ind1="0" ind2=" ">
    <subfield code="a">eng</subfield>
  </datafield>
  <datafield tag="100" ind1="1" ind2=" ">
    <subfield code="a">Kim, Minjee</subfield>
  </datafield>
  <datafield tag="245" ind1="1" ind2="0">
    <subfield code="a">Cross-border insolvency and debt restructuring law reform in Singapore :</subfield>
    <subfield code="b">reflections on the Hanjin Shipping case</subfield>
  </datafield>
  <datafield tag="510" ind1="4" ind2=" ">
    <subfield code="a">Bibliography of recent writings related to the work of UNCITRAL, 53rd Session, 2020, New York.</subfield>
  </datafield>
  <datafield tag="510" ind1="4" ind2=" ">
    <subfield code="a">Included in UNCITRAL bibliography on insolvency.</subfield>
  </datafield>
  <datafield tag="630" ind1="0" ind2="7">
    <subfield code="a">UNCITRAL Model Law on Cross-Border Insolvency (1997)</subfield>
  </datafield>
  <datafield tag="650" ind1="1" ind2="7">
    <subfield code="a">CROSS-BORDER INSOLVENCY</subfield>
  </datafield>
  <datafield tag="650" ind1="1" ind2="7">
    <subfield code="a">LAW REFORM</subfield>
  </datafield>
  <datafield tag="650" ind1="1" ind2="7">
    <subfield code="a">SINGAPORE</subfield>
  </datafield>
  <datafield tag="773" ind1="0" ind2=" ">
    <subfield code="3">Article from a journal</subfield>
    <subfield code="d">(Melbourne) 19:2:1-13, 2019.</subfield>
    <subfield code="t">Australian journal of Asian law</subfield>
  </datafield>
  <datafield tag="852" ind1="7" ind2=" ">
    <subfield code="b">UNCITRAL</subfield>
    <subfield code="h">53rd Session, 2020, New York</subfield>
  </datafield>
  <datafield tag="980" ind1=" " ind2=" ">
    <subfield code="a">UNCITRAL</subfield>
  </datafield>
  <datafield tag="987" ind1=" " ind2=" ">
    <subfield code="a">article</subfield>
  </datafield>
</record>
</collection>